<record xmlns="http://www.loc.gov/MARC21/slim" xmlns:xsi="http://www.w3.org/2001/XMLSchema-instance" xsi:schemaLocation="http://www.loc.gov/MARC21/slim http://www.loc.gov/standards/marcxml/schema/MARC21slim.xsd"><leader>01321cz   2200193n  4500</leader><controlfield tag="001">oca03882131 </controlfield><controlfield tag="005">20001103071007.0</controlfield><controlfield tag="008">950706n| acannaabn          |a aaa     c</controlfield><datafield ind1=" " ind2=" " tag="010"><subfield code="a">nr 95024511 </subfield></datafield><datafield ind1=" " ind2=" " tag="040"><subfield code="a">NNC</subfield><subfield code="b">eng</subfield><subfield code="c">NNC</subfield><subfield code="d">OCoLC</subfield></datafield><datafield ind1="1" ind2=" " tag="100"><subfield code="a">Lutatius Catulus, Q.</subfield><subfield code="q">(Quintus),</subfield><subfield code="d">ca. 121-ca. 60 B.C.</subfield></datafield><datafield ind1="1" ind2=" " tag="400"><subfield code="a">Lutatius Catulus, Quintus,</subfield><subfield code="d">ca. 121-ca. 60 B.C.</subfield></datafield><datafield ind1="1" ind2=" " tag="400"><subfield code="a">Catulus, Q. Lutatius</subfield><subfield code="q">(Quintus Lutatius),</subfield><subfield code="d">ca. 121-ca. 60 B.C,</subfield></datafield><datafield ind1=" " ind2=" " tag="670"><subfield code="a">His Orationes [CF] 191:</subfield><subfield code="b">PHI CD ROM #5.3, Latin Canon, bibliographic screen (Q. Lutatius Catulus iunior)</subfield></datafield><datafield ind1=" " ind2=" " tag="670"><subfield code="a">Pauly-Wissowa:</subfield><subfield code="b">26. Halbbd., col. 2082-2094; "Lutatius", #8 (Q. Lutatius Catulus; known from inscriptions as Q.f.Q.n. and often described in connection with his same-named father as filius or minor; b. about 121 B.C.; died shortly after being tried in the Senate, 61 B.C.)</subfield></datafield><datafield ind1=" " ind2=" " tag="670"><subfield code="a">Der kleine Pauly</subfield><subfield code="b">"Lutatius", #5 (Q.L. Catulus; about 121 - 61/60)</subfield></datafield><datafield ind1=" " ind2=" " tag="670"><subfield code="a">Oxford class. dict., 1st ed.:</subfield><subfield code="b">p. 176 (Catulus, Quintus Lutatius; consul 78 B.C.; died 61 or 60)</subfield></datafield><datafield ind1=" " ind2=" " tag="670"><subfield code="a">Malcovati, E. Oratorum romanorum fragmenta liberae rei publicae, 1955:</subfield><subfield code="b">p. 333 (Q. Lutatius Catulus iunior; consul 78 B.C.; censor 65 B.C.; died 61 B.C.)</subfield></datafield><datafield ind1=" " ind2=" " tag="670"><subfield code="a">Dict. of Greek and Roman biography and mythology, 1967:</subfield><subfield code="b">v. 2, p. 655-656 (Q. Lutatius Q.f.Q.n. Catulus; d. 60 B.C.)</subfield></datafield></record>